
@article{reifSettingIncentivesRight2025,
  title = {Setting Incentives Right with Long-Term Risk Adjustment},
  author = {Reif, Simon and Schubert, Sabrina and Wambach, Achim},
  year = {2025},
  month = dec,
  journal = {The European Journal of Health Economics},
  pages = {s10198-024-01751-6},
  issn = {1618-7598, 1618-7601},
  doi = {10.1007/s10198-024-01751-6},
  urldate = {2025-01-28},
  langid = {english},
}

