
@article{abadieSemiparametric2005,
  title = {Semiparametric {{Difference-in-Differences Estimators}}},
  author = {Abadie, Alberto},
  year = {2005},
  month = jan,
  journal = {The Review of Economic Studies},
  volume = {72},
  number = {1},
  pages = {1--19},
  issn = {1467-937X, 0034-6527},
  doi = {10.1111/0034-6527.00321},
  langid = {english},
  keywords = {Diff-in-Diff,Econometrics},
  file = {/Users/simon/Dropbox/3_research/0_Literature/Zotero_Database/storage/9SVE9MG6/Abadie - 2005 - Semiparametric Difference-in-Differences Estimator.pdf}
}

