
@article{stern2022,
	title = {Advancing digital health applications: priorities for innovation in real-world evidence generation},
	author = {Stern, Ariel D and {Brönneke}, Jan and Debatin, {Jörg F} and Hagen, Julia and Matthies, Henrik and Patel, Smit and Clay, Ieuan and Eskofier, Bjoern and Herr, Annika and Hoeller, Kurt and Jaksa, Ashley and Kramer, Daniel B and Kyhlstedt, Mattias and Lofgren, Katherine T and Mahendraratnam, Nirosha and Muehlan, Holger and Reif, Simon and Riedemann, Lars and Goldsack, Jennifer C},
	year = {2022},
	month = {03},
	date = {2022-03},
	journal = {The Lancet Digital Health},
	pages = {e200--e206},
	volume = {4},
	number = {3},
	doi = {10.1016/S2589-7500(21)00292-2},
	url = {https://linkinghub.elsevier.com/retrieve/pii/S2589750021002922},
	langid = {en}
}
